@book{Xie2018RMarkdown,
  title = {R Markdown: The Definitive Guide},
  ISBN = {9781138359444},
  url = {http://dx.doi.org/10.1201/9781138359444},
  DOI = {10.1201/9781138359444},
  publisher = {Chapman and Hall/CRC},
  author = {Xie,  Yihui and Allaire,  J. J. and Grolemund,  Garrett},
  year = {2018},
  month = jul 
}